@article{Abraham_2014,
	doi = {10.3389/fninf.2014.00014},
	url = {https://doi.org/10.3389%2Ffninf.2014.00014},
	year = 2014,
	publisher = {Frontiers Media {SA}},
	volume = {8},
	author = {Alexandre Abraham and Fabian Pedregosa and Michael Eickenberg and Philippe Gervais and Andreas Mueller and Jean Kossaifi and Alexandre Gramfort and Bertrand Thirion and Gaël Varoquaux},
	title = {Machine learning for neuroimaging with scikit-learn},
	journal = {Frontiers in Neuroinformatics}
}
@article{Adcock_2003,
	doi = {10.1016/s1053-8119(02)00013-7},
	url = {https://doi.org/10.1016%2Fs1053-8119%2802%2900013-7},
	year = 2003,
	month = {feb},
	publisher = {Elsevier {BV}},
	volume = {18},
	number = {2},
	pages = {423--438},
	author = {J.E Adcock and R.G Wise and J.M Oxbury and S.M Oxbury and P.M Matthews},
	title = {Quantitative {fMRI} assessment of the differences in lateralization of language-related brain activation in patients with temporal lobe epilepsy},
	journal = {{NeuroImage}}
}
@article{Arora_2009,
	doi = {10.1111/j.1528-1167.2009.02136.x},
	url = {https://doi.org/10.1111%2Fj.1528-1167.2009.02136.x},
	year = 2009,
	month = {oct},
	publisher = {Wiley},
	volume = {50},
	number = {10},
	pages = {2225--2241},
	author = {Jagriti Arora and Kenneth Pugh and Michael Westerveld and Susan Spencer and Dennis D. Spencer and R. Todd Constable},
	title = {Language lateralization in epilepsy patients: {fMRI} validated with the Wada procedure},
	journal = {Epilepsia}
}
@article{Benjamin_2017,
	doi = {10.1002/hbm.23661},
	url = {https://doi.org/10.1002%2Fhbm.23661},
	year = 2017,
	month = {may},
	publisher = {Wiley},
	volume = {38},
	number = {8},
	pages = {4239--4255},
	author = {Christopher F. Benjamin and Patricia D. Walshaw and Kayleigh Hale and William D. Gaillard and Leslie C. Baxter and Madison M. Berl and Monika Polczynska and Stephanie Noble and Rafeed Alkawadri and Lawrence J. Hirsch and R. Todd Constable and Susan Y. Bookheimer},
	title = {Presurgical language {fMRI}: Mapping of six critical regions},
	journal = {Human Brain Mapping}
}
@article{Berl_2014,
	doi = {10.1002/ana.24015},
	url = {https://doi.org/10.1002%2Fana.24015},
	year = 2014,
	month = {jan},
	publisher = {Wiley},
	volume = {75},
	number = {1},
	pages = {33--42},
	author = {Madison M. Berl and Lauren A. Zimmaro and Omar I. Khan and Irene Dustin and Eva Ritzl and Elizabeth S. Duke and Leigh N. Sepeta and Susumu Sato and William H. Theodore and William D. Gaillard},
	title = {Characterization of atypical language activation patterns in focal epilepsy},
	journal = {Annals of Neurology}
}
@article{Binder_2011,
	doi = {10.1016/j.yebeh.2010.08.004},
	url = {https://doi.org/10.1016%2Fj.yebeh.2010.08.004},
	year = 2011,
	month = {feb},
	publisher = {Elsevier {BV}},
	volume = {20},
	number = {2},
	pages = {214--222},
	author = {Jeffrey R. Binder},
	title = {Functional {MRI} is a valid noninvasive alternative to Wada testing},
	journal = {Epilepsy {\&} Behavior}
}
@article{Binder_1996,
	doi = {10.1212/wnl.46.4.978},
	url = {https://doi.org/10.1212%2Fwnl.46.4.978},
	year = 1996,
	month = {apr},
	publisher = {Ovid Technologies (Wolters Kluwer Health)},
	volume = {46},
	number = {4},
	pages = {978--984},
	author = {J. R. Binder and S. J. Swanson and T. A. Hammeke and G. L. Morris and W. M. Mueller and M. Fischer and S. Benbadis and J.A. Frost and S. M. Rao and V. M. Haughton},
	title = {Determination of language dominance using functional {MRI}: A comparison with the Wada test},
	journal = {Neurology}
}
@article{Calhoun_2017,
	doi = {10.1002/hbm.23737},
	url = {https://doi.org/10.1002%2Fhbm.23737},
	year = 2017,
	month = {jul},
	publisher = {Wiley},
	volume = {38},
	number = {11},
	pages = {5331--5342},
	author = {Vince D. Calhoun and Tor D. Wager and Anjali Krishnan and Keri S. Rosch and Karen E. Seymour and Mary Beth Nebel and Stewart H. Mostofsky and Prashanth Nyalakanai and Kent Kiehl},
	title = {The impact of T1 versus {EPI} spatial normalization templates for {fMRI} data analyses},
	journal = {Human Brain Mapping}
}
@article{Chlebus_2006,
	doi = {10.1007/s00221-006-0794-y},
	url = {https://doi.org/10.1007%2Fs00221-006-0794-y},
	year = 2006,
	month = {dec},
	publisher = {Springer Nature},
	volume = {179},
	number = {3},
	pages = {365--374},
	author = {Pavel Chlebus and Michal Mikl and Milan Br{\'{a}}zdil and Marta Pa{\v{z}}ourkov{\'{a}} and Petr Krupa and Ivan Rektor},
	title = {{fMRI} evaluation of hemispheric language dominance using various methods of laterality index calculation},
	journal = {Experimental Brain Research}
}
@article{Dym_2011,
	doi = {10.1148/radiol.11101344},
	url = {https://doi.org/10.1148%2Fradiol.11101344},
	year = 2011,
	month = {nov},
	publisher = {Radiological Society of North America ({RSNA})},
	volume = {261},
	number = {2},
	pages = {446--455},
	author = {R. Joshua Dym and Judah Burns and Katherine Freeman and Michael L. Lipton},
	title = {Is Functional {MR} Imaging Assessment of Hemispheric Language Dominance as Good as the Wada Test?: A Meta-Analysis},
	journal = {Radiology}
}
@article{Gaillard_2002,
	doi = {10.1212/wnl.59.2.256},
	url = {https://doi.org/10.1212%2Fwnl.59.2.256},
	year = 2002,
	month = {jul},
	publisher = {Ovid Technologies (Wolters Kluwer Health)},
	volume = {59},
	number = {2},
	pages = {256--265},
	author = {W. D. Gaillard and L. Balsamo and B. Xu and C. B. Grandin and S. H. Braniecki and P. H. Papero and S. Weinstein and J. Conry and P. L. Pearl and B. Sachs and S. Sato and B. Jabbari and L. G. Vezina and C. Frattali and W. H. Theodore},
	title = {Language dominance in partial epilepsy patients identified with an {fMRI} reading task},
	journal = {Neurology}
}
@article{Gaillard_2000,
	doi = {10.1212/wnl.54.1.180},
	url = {https://doi.org/10.1212%2Fwnl.54.1.180},
	year = 2000,
	month = {jan},
	publisher = {Ovid Technologies (Wolters Kluwer Health)},
	volume = {54},
	number = {1},
	pages = {180--180},
	author = {W. D. Gaillard and L. Hertz-Pannier and S. H. Mott and A. S. Barnett and D. LeBihan and W. H. Theodore},
	title = {Functional anatomy of cognitive development: {fMRI} of verbal fluency in children and adults},
	journal = {Neurology}
}
@article{Henry_2004,
	doi = {10.1037/0894-4105.18.2.284},
	url = {https://doi.org/10.1037%2F0894-4105.18.2.284},
	year = 2004,
	publisher = {American Psychological Association ({APA})},
	volume = {18},
	number = {2},
	pages = {284--295},
	author = {Julie D. Henry and John R. Crawford},
	title = {A Meta-Analytic Review of Verbal Fluency Performance Following Focal Cortical Lesions.},
	journal = {Neuropsychology}
}
@article{Janecek_2013,
	doi = {10.1111/epi.12068},
	url = {https://doi.org/10.1111%2Fepi.12068},
	year = 2013,
	month = {jan},
	publisher = {Wiley},
	volume = {54},
	number = {2},
	pages = {314--322},
	author = {Julie K. Janecek and Sara J. Swanson and David S. Sabsevitz and Thomas A. Hammeke and Manoj Raghavan and Megan E. Rozman and Jeffrey R. Binder},
	title = {Language lateralization by {fMRI} and Wada testing in 229 patients with epilepsy: Rates and predictors of discordance},
	journal = {Epilepsia}
}
@article{Jansen_2006,
	doi = {10.1016/j.neuroimage.2006.06.019},
	url = {https://doi.org/10.1016%2Fj.neuroimage.2006.06.019},
	year = 2006,
	month = {oct},
	publisher = {Elsevier {BV}},
	volume = {33},
	number = {1},
	pages = {204--217},
	author = {A. Jansen and R. Menke and J. Sommer and A.F. Förster and S. Bruchmann and J. Hempleman and B. Weber and S. Knecht},
	title = {The assessment of hemispheric lateralization in functional {MRI}{\textemdash}Robustness and reproducibility},
	journal = {{NeuroImage}}
}
@article{Jones_2011,
	doi = {10.1016/j.neuroimage.2010.10.052},
	url = {https://doi.org/10.1016%2Fj.neuroimage.2010.10.052},
	year = 2011,
	month = {feb},
	publisher = {Elsevier {BV}},
	volume = {54},
	number = {4},
	pages = {2937--2949},
	author = {Stephen E. Jones and Shamseldeen Y. Mahmoud and Micheal D. Phillips},
	title = {A practical clinical method to quantify language lateralization in {fMRI} using whole-brain analysis},
	journal = {{NeuroImage}}
}
@article{Knecht_2000,
	doi = {10.1093/brain/123.12.2512},
	url = {https://doi.org/10.1093%2Fbrain%2F123.12.2512},
	year = 2000,
	month = {dec},
	publisher = {Oxford University Press ({OUP})},
	volume = {123},
	number = {12},
	pages = {2512--2518},
	author = {S. Knecht},
	title = {Handedness and hemispheric language dominance in healthy humans},
	journal = {Brain}
}
@article{Kurthen_1992,
  title={Interhemispheric dissociation of expressive and receptive language functions in patients with complex-partial seizures: an amobarbital study},
  author={Kurthen, Martin and Helmstaedter, Ch and Linke, DB and Solymosi, L and Elger, CE and Schramm, J},
  journal={Brain and language},
  volume={43},
  number={4},
  pages={694--712},
  year={1992},
  publisher={Elsevier}
}
@article{Kurthen_1994,
	doi = {10.1006/brln.1994.1030},
	url = {https://doi.org/10.1006%2Fbrln.1994.1030},
	year = 1994,
	month = {may},
	publisher = {Elsevier {BV}},
	volume = {46},
	number = {4},
	pages = {536--564},
	author = {M. Kurthen and C. Helmstaedter and D.B. Linke and A. Hufnagel and C.E. Elger and J. Schramm},
	title = {Quantitative and Qualitative Evaluation of Patterns of Cerebral Language Dominance},
	journal = {Brain and Language}
}
@article{Kwan_2009,
	doi = {10.1111/j.1528-1167.2009.02397.x},
	url = {https://doi.org/10.1111%2Fj.1528-1167.2009.02397.x},
	year = 2009,
	month = {nov},
	publisher = {Wiley},
	volume = {51},
	number = {6},
	pages = {1069--1077},
	author = {Patrick Kwan and Alexis Arzimanoglou and Anne T. Berg and Martin J. Brodie and W. Allen Hauser and Gary Mathern and Solomon L. Mosh{\'{e}} and Emilio Perucca and Samuel Wiebe and Jacqueline French},
	title = {Definition of drug resistant epilepsy: Consensus proposal by the ad hoc Task Force of the {ILAE} Commission on Therapeutic Strategies},
	journal = {Epilepsia}
}
@article{Labudda_2010,
	doi = {10.1016/j.eplepsyres.2010.10.004},
	url = {https://doi.org/10.1016%2Fj.eplepsyres.2010.10.004},
	year = 2010,
	month = {dec},
	publisher = {Elsevier {BV}},
	volume = {92},
	number = {2-3},
	pages = {258--261},
	author = {Kirsten Labudda and Markus Mertens and Joerg Aengenendt and Alois Ebner and Friedrich G. Woermann},
	title = {Presurgical language {fMRI} activation correlates with postsurgical verbal memory decline in left-sided temporal lobe epilepsy},
	journal = {Epilepsy Research}
}
@article{Lurito_2000,
	doi = {10.1002/1097-0193(200007)10:3<99::aid-hbm10>3.3.co;2-h},
	url = {https://doi.org/10.1002%2F1097-0193%28200007%2910%3A3%3C99%3A%3Aaid-hbm10%3E3.3.co%3B2-h},
	year = 2000,
	month = {jul},
	publisher = {Wiley},
	volume = {10},
	number = {3},
	pages = {99--106},
	author = {Joseph T. Lurito and David A. Kareken and Mark J. Lowe and Shen Hsing A. Chen and Vincent P. Mathews},
	title = {Comparison of rhyming and word generation with {FMRI}},
	journal = {Human Brain Mapping}
}
@article{Pedregosa_2011,
	title={Scikit-learn: Machine learning in Python},
	author={Pedregosa, Fabian and Varoquaux, Ga{\"e}l and Gramfort, Alexandre and Michel, Vincent and Thirion, Bertrand and Grisel, Olivier and Blondel, Mathieu and Prettenhofer, Peter and Weiss, Ron and Dubourg, Vincent and others},
	journal={Journal of machine learning research},
	volume={12},
	number={Oct},
	pages={2825--2830},
	year={2011}
}
@article{Pillai_2010,
	doi = {10.3174/ajnr.a1845},
	url = {https://doi.org/10.3174%2Fajnr.a1845},
	year = 2010,
	month = {feb},
	publisher = {American Society of Neuroradiology ({ASNR})},
	volume = {31},
	number = {2},
	pages = {219--225},
	author = {J.J. Pillai},
	title = {The Evolution of Clinical Functional Imaging during the Past 2 Decades and Its Current Impact on Neurosurgical Planning},
	journal = {American Journal of Neuroradiology}
}
@article{Price_2010,
	doi = {10.1111/j.1749-6632.2010.05444.x},
	url = {https://doi.org/10.1111%2Fj.1749-6632.2010.05444.x},
	year = 2010,
	month = {mar},
	publisher = {Wiley},
	volume = {1191},
	number = {1},
	pages = {62--88},
	author = {Cathy J. Price},
	title = {The anatomy of language: a review of 100 {fMRI} studies published in 2009},
	journal = {Annals of the New York Academy of Sciences}
}
@article{Rosenow_2001,
	doi = {10.1093/brain/124.9.1683},
	url = {https://doi.org/10.1093%2Fbrain%2F124.9.1683},
	year = 2001,
	month = {sep},
	publisher = {Oxford University Press ({OUP})},
	volume = {124},
	number = {9},
	pages = {1683--1700},
	author = {F. Rosenow},
	title = {Presurgical evaluation of epilepsy},
	journal = {Brain}
}
@article{Rutten_2002,
	doi = {10.1006/nimg.2002.1196},
	url = {https://doi.org/10.1006%2Fnimg.2002.1196},
	year = 2002,
	month = {sep},
	publisher = {Elsevier {BV}},
	volume = {17},
	number = {1},
	pages = {447--460},
	author = {G.J.M. Rutten and N.F. Ramsey and P.C. van Rijen and W.C. Alpherts and C.W.M. van Veelen},
	title = {{fMRI}-Determined Language Lateralization in Patients with Unilateral or Mixed Language Dominance According to the Wada Test},
	journal = {{NeuroImage}}
}
@article{Sabsevitz_2003,
	doi = {10.1212/01.wnl.0000068022.05644.01},
	url = {https://doi.org/10.1212%2F01.wnl.0000068022.05644.01},
	year = 2003,
	month = {jun},
	publisher = {Ovid Technologies (Wolters Kluwer Health)},
	volume = {60},
	number = {11},
	pages = {1788--1792},
	author = {D.S. Sabsevitz and S.J. Swanson and T. A. Hammeke and M. V. Spanaki and E. T. Possing and G. L. Morris and W. M. Mueller and J. R. Binder},
	title = {Use of preoperative functional neuroimaging to predict language deficits from epilepsy surgery},
	journal = {Neurology}
}
@article{Seghier_2008,
	doi = {10.1016/j.mri.2007.10.010},
	url = {https://doi.org/10.1016%2Fj.mri.2007.10.010},
	year = 2008,
	month = {jun},
	publisher = {Elsevier {BV}},
	volume = {26},
	number = {5},
	pages = {594--601},
	author = {Mohamed L. Seghier},
	title = {Laterality index in functional {MRI}: methodological issues},
	journal = {Magnetic Resonance Imaging}
}
@article{Springer_1999,
	doi = {10.1093/brain/122.11.2033},
	url = {https://doi.org/10.1093%2Fbrain%2F122.11.2033},
	year = 1999,
	month = {nov},
	publisher = {Oxford University Press ({OUP})},
	volume = {122},
	number = {11},
	pages = {2033--2046},
	author = {Jane A. Springer and Jeffrey R. Binder and Thomas A. Hammeke and Sara J. Swanson and Julie A. Frost and Patrick S. F. Bellgowan and Cameron C. Brewer and Holly M. Perry and George L. Morris and Wade M. Mueller},
	title = {Language dominance in neurologically normal and epilepsy subjects},
	journal = {Brain}
}
@article{Strandberg_2010,
	doi = {10.1007/s11682-010-9106-z},
	url = {https://doi.org/10.1007%2Fs11682-010-9106-z},
	year = 2010,
	month = {sep},
	publisher = {Springer Nature},
	volume = {5},
	number = {1},
	pages = {1--11},
	author = {Maria Strandberg and Christina Elfgren and Peter Mannfolk and Johan Olsrud and Lars Stenberg and Danielle van Westen and Elna-Marie Larsson and Ia Rorsman and Kristina Käll{\'{e}}n},
	title = {{fMRI} memory assessment in healthy subjects: a new approach to view lateralization data at an individual level},
	journal = {Brain Imaging and Behavior}
}
@article{Suarez_2009,
	doi = {10.1016/j.yebeh.2009.07.034},
	url = {https://doi.org/10.1016%2Fj.yebeh.2009.07.034},
	year = 2009,
	month = {oct},
	publisher = {Elsevier {BV}},
	volume = {16},
	number = {2},
	pages = {288--297},
	author = {Ralph O. Suarez and Stephen Whalen and Aaron P. Nelson and Yanmei Tie and Mary-Ellen Meadows and Alireza Radmanesh and Alexandra J. Golby},
	title = {Threshold-independent functional {MRI} determination of language dominance: A validation study against clinical gold standards},
	journal = {Epilepsy {\&} Behavior}
}
@article{Szaflarski_2017,
	doi = {10.1212/wnl.0000000000003532},
	url = {https://doi.org/10.1212%2Fwnl.0000000000003532},
	year = 2017,
	month = {jan},
	publisher = {Ovid Technologies (Wolters Kluwer Health)},
	volume = {88},
	number = {4},
	pages = {395--402},
	author = {Jerzy P. Szaflarski and David Gloss and Jeffrey R. Binder and William D. Gaillard and Alexandra J. Golby and Scott K. Holland and Jeffrey Ojemann and David C. Spencer and Sara J. Swanson and Jacqueline A. French and William H. Theodore},
	title = {Practice guideline summary: Use of {fMRI} in the presurgical evaluation of patients with epilepsy},
	journal = {Neurology}
}
@article{Tailby_2017,
	doi = {10.1016/j.nicl.2017.01.011},
	url = {https://doi.org/10.1016%2Fj.nicl.2017.01.011},
	year = 2017,
	publisher = {Elsevier {BV}},
	volume = {14},
	pages = {141--150},
	author = {Chris Tailby and David F. Abbott and Graeme D. Jackson},
	title = {The diminishing dominance of the dominant hemisphere: Language {fMRI} in focal epilepsy},
	journal = {{NeuroImage}: Clinical}
}
@article{Wellmer_2005,
	doi = {10.1111/j.1528-1167.2005.00296.x},
	url = {https://doi.org/10.1111%2Fj.1528-1167.2005.00296.x},
	year = 2005,
	month = {nov},
	publisher = {Wiley},
	volume = {46},
	number = {11},
	pages = {1764--1772},
	author = {Jorg Wellmer and Guillen Fernandez and Detlef B. Linke and Horst Urbach and Christian E. Elger and Martin Kurthen},
	title = {Unilateral Intracarotid Amobarbital Procedure for Language Lateralization},
	journal = {Epilepsia}
}
@article{Woermann_2003,
	doi = {10.1212/01.wnl.0000078815.03224.57},
	url = {https://doi.org/10.1212%2F01.wnl.0000078815.03224.57},
	year = 2003,
	month = {sep},
	publisher = {Ovid Technologies (Wolters Kluwer Health)},
	volume = {61},
	number = {5},
	pages = {699--701},
	author = {F. G. Woermann and H. Jokeit and R. Luerding and H. Freitag and R. Schulz and S. Guertler and M. Okujava and P. Wolf and I. Tuxhorn and A. Ebner},
	title = {Language lateralization by Wada test and {fMRI} in 100 patients with epilepsy},
	journal = {Neurology}
}
@article{Wilke_2006,
	doi = {10.1016/j.neuroimage.2006.07.010},
	url = {https://doi.org/10.1016%2Fj.neuroimage.2006.07.010},
	year = 2006,
	month = {nov},
	publisher = {Elsevier {BV}},
	volume = {33},
	number = {2},
	pages = {522--530},
	author = {Marko Wilke and Vincent J. Schmithorst},
	title = {A combined bootstrap/histogram analysis approach for computing a lateralization index from neuroimaging data},
	journal = {{NeuroImage}}
}
@article{Wilke_2007,
	doi = {10.1016/j.jneumeth.2007.01.026},
	url = {https://doi.org/10.1016%2Fj.jneumeth.2007.01.026},
	year = 2007,
	month = {jun},
	publisher = {Elsevier {BV}},
	volume = {163},
	number = {1},
	pages = {128--136},
	author = {Marko Wilke and Karen Lidzba},
	title = {{LI}-tool: A new toolbox to assess lateralization in functional {MR}-data},
	journal = {Journal of Neuroscience Methods}
}
@article{Wilke_2011,
	doi = {10.1002/hbm.21156},
	url = {https://doi.org/10.1002%2Fhbm.21156},
	year = 2011,
	month = {dec},
	publisher = {Wiley},
	volume = {32},
	number = {11},
	pages = {1882--1893},
	author = {Marko Wilke and Tom Pieper and Katja Lindner and Thekla Dushe and Martin Staudt and Wolfgang Grodd and Hans Holthausen and Ingeborg Krägeloh-Mann},
	title = {Clinical functional {MRI} of the language domain in children with epilepsy},
	journal = {Human Brain Mapping}
}
@article{Wu_2004,
  title={Probability estimates for multi-class classification by pairwise coupling},
  author={Wu, Ting-Fan and Lin, Chih-Jen and Weng, Ruby C},
  journal={Journal of Machine Learning Research},
  volume={5},
  number={Aug},
  pages={975--1005},
  year={2004}
}
@article{Zago_2017,
	doi = {10.1002/hbm.23770},
	url = {https://doi.org/10.1002%2Fhbm.23770},
	year = 2017,
	month = {sep},
	publisher = {Wiley},
	volume = {38},
	number = {12},
	pages = {5871--5889},
	author = {Laure Zago and Pierre-Yves Herv{\'{e}} and Robin Genuer and Alexandre Laurent and Bernard Mazoyer and Nathalie Tzourio-Mazoyer and Marc Joliot},
	title = {Predicting hemispheric dominance for language production in healthy individuals using support vector machine},
	journal = {Human Brain Mapping}
}
